
@article{RefWorks:214,
	author={Nicole A. Raineault and Arthur C. Trembanis and Douglas C. Miller and Vince Capone},
	year={2013},
	title={Interannual changes in seafloor surficial geology at an artificial reef site on the inner continental shelf},
	journal={Continental Shelf Research},
	volume={58},
	pages={67-78}
}

@article{RefWorks:213,
	author={Arthur Trembanis and Carter DuVal and Jonathan Beaudoin and Val Schmidt and Doug Miller and Larry Mayer},
	year={2013},
	title={A detailed seabed signature from Hurricane Sandy revealed in bedforms and scour},
	journal={Geochemistry, Geophysics, Geosystems},
	volume={14},
	number={10},
	pages={4334-4340}
}


@article{gordon,
	author={C. Gordon and D. L. Webb and S. Wolpert},
	year={1992},
	title={One cannot hear the shape of a drum},
	journal={Bull.Amer.Math.Soc},
	volume={27},
	number={1},
	pages={134-138}
}

@article{kac,
	author={M. Kac},
	year={1966},
	title={Can one hear the shape of a drum?},
	journal={American Mathematical Monthly},
	pages={1-23}
}

@article{khabou,
	author={MA Khabou and L. Hermi and MBH Rhouma},
	year={2007},
	title={Shape recognition using eigenvalues of the Dirichlet Laplacian},
	journal={Pattern Recognition},
	volume={40},
	number={1},
	pages={141-153}
}

@article{zuliani,
	author={M. Zuliani and L. Bertelli and CS Kenney and S. Chandrasekaran and BS Manjunath},
	year={2008},
	title={Drums, curve descriptors and affine invariant region matching},
	journal={Image and Vision Computing},
	volume={26},
	number={3},
	pages={347-360}
}

@inproceedings{zuliani2,
	author={M. Zuliani and CS Kenney and S. Bhagavathy and BS Manjunath},
	year={2004},
	title={Drums and curve descriptors},
	booktitle={British Machine Vision Conference}
}


@article{shape_survey,
	author={Sven Loncaric},
	year={1998},
	title={A survey of shape analysis techniques},
	journal={Pattern Recognition},
	volume={31},
	number={8},
	pages={983-1001}
}

@article{redbird1,
	author={DNREC State of Delaware Department of Natural Resources and Environmental Control},
	year={2009-2010},
	journal={Delaware Reef Guide},
	volume={4050203 FW FISHERIES}
}

@article{redbird2,
	author={DNREC State of Delaware Department of Natural Resources and Environmental Control},
	year={2009},
	title={44 more subway cars sunk at Redbird Reef},
	journal={News of the Delaware Department of Natural Resources and Environmental Control},
	volume={39},
	number={182}
}

@article{redbird_nicole,
	author={Nicole A. Raineault and Arthur C. Trembanis and Douglas C. Miller and Vince Capone},
	year={2013},
	title={Interannual changes in seafloor surficial geology at an artificial reef site on the inner continental shelf},
	journal={Continental Shelf Research},
	volume={58},
	pages={67-78}
}

@article{redbird_art,
	author={Arthur Trembanis and Carter DuVal and Jonathan Beaudoin and Val Schmidt and Doug Miller and Larry Mayer},
	year={2013},
	title={A detailed seabed signature from Hurricane Sandy revealed in bedforms and scour},
	journal={Geochemistry, Geophysics, Geosystems},
	volume={14},
	number={10},
	pages={4334-4340}
}

@misc{videoray,
    organization  = "VideoRay",
    title         = "VideoRay Pro 4 standard base datasheet",
    howpublished={\url{http://www.videoray.com/images/specsheets/2016/2016_P4STANDARDBASE_FINAL.pdf}},
    note = {Accessed: 2016-09-17}
}

@misc{outlandrov,
    organization  = "Outland Technology",
    title         = "Outland ROV",
    howpublished={\url{http://www.outlandtech.com/product_info.php}},
    note = {Accessed: 2016-09-17}
}

@misc{fathomrov,
  title = {Fathom One ROV},
  howpublished = {\url{http://fathomdrone.com}},
  note = {Accessed: 2016-09-17}
}

@misc{openrov,
  title = {OpenROV},
  howpublished = {\url{http://www.openrov.com}},
  note = {Accessed: 2016-09-17}
}

@misc{ros,
  title = {Robot Operating System},
  howpublished = {\url{http://www.ros.org}},
  note = {Accessed: 2016-09-17}
}

@misc{nodejs,
  title = {node.js},
  howpublished = {\url{https://nodejs.org/}},
  note = {Accessed: 2016-09-17}
}

@misc{raspberrypi,
  title = {RaspberryPi},
  howpublished = {\url{https://www.raspberrypi.org/}},
  note = {Accessed: 2016-09-20}
}

@misc{arduino,
  title = {Arduino Mega},
  howpublished = {\url{https://www.arduino.cc/en/Main/arduinoBoardMega}},
  note = {Accessed: 2016-09-20}
}

@misc{minoru,
  title = {Minoru 3D webcam},
  howpublished = {\url{http://www.minoru3d.com/}},
  note = {Accessed: 2016-09-20}
}
